<?xml version="1.0" encoding="UTF-8"?><collection xmlns="http://www.loc.gov/MARC21/slim"><record><leader>00526nam--2200145-i-4500</leader><controlfield tag="001">000029596</controlfield><controlfield tag="002">20161230</controlfield><controlfield tag="005">20161230201037</controlfield><controlfield tag="008">060222s1000------------r-----000-0-eng-d</controlfield><datafield ind1=" " ind2=" " tag="080"><subfield code="a">621.039.578:623.827</subfield></datafield><datafield ind1=" " ind2=" " tag="100"><subfield code="a">Ladonchamps, J., Verdeau, J.J</subfield></datafield><datafield ind1=" " ind2=" " tag="245"><subfield code="a">Reacteurs nucleaires a eau pressurisee.theorie technologie et applications a la propulsion navale.preface de j.debiesse,</subfield></datafield><datafield ind1=" " ind2=" " tag="260"><subfield code="a">Paris, Masson Et Cie, 1972. Viii + 228p</subfield></datafield><datafield ind1=" " ind2=" " tag="490"><subfield code="a">Collection De L`Ecole Nationale Superiure De Technique Avancees</subfield></datafield><datafield ind1=" " ind2=" " tag="852"><subfield code="a">37634</subfield></datafield></record></collection>